<record xmlns="http://www.loc.gov/MARC21/slim" xmlns:xsi="http://www.w3.org/2001/XMLSchema-instance" xsi:schemaLocation="http://www.loc.gov/MARC21/slim http://www.loc.gov/standards/marcxml/schema/MARC21slim.xsd"><leader>02783nam a2200457   4500</leader><controlfield tag="001">3082675</controlfield><controlfield tag="003">NNC</controlfield><controlfield tag="006">m        d        </controlfield><controlfield tag="007">cr cn |||m|||a</controlfield><controlfield tag="008">150223s1963    sy      ob    000 0 ara d</controlfield><datafield ind1=" " ind2=" " tag="040"><subfield code="a">NNU</subfield><subfield code="b">eng</subfield><subfield code="c">NNU</subfield></datafield><datafield ind1=" " ind2="4" tag="050"><subfield code="a">BP135.A3</subfield><subfield code="b">I353 1963</subfield></datafield><datafield ind1="1" ind2=" " tag="100"><subfield code="6">880-01</subfield><subfield code="a">Ibn Daqi&#772;q al-&#699;I&#772;d, Muh&#803;ammad ibn &#699;Ali&#772;,</subfield><subfield code="d">1228-1302.</subfield></datafield><datafield ind1="1" ind2="0" tag="240"><subfield code="6">880-02</subfield><subfield code="a">Ilma&#772;m bi-ah&#803;a&#772;di&#772;th al-ah&#803;ka&#772;m</subfield><subfield code="f">1963.</subfield></datafield><datafield ind1="1" ind2="3" tag="245"><subfield code="6">880-03</subfield><subfield code="a">al-Ilma&#772;m bi-ah&#803;a&#772;di&#772;th al-ah&#803;ka&#772;m</subfield><subfield code="h">[electronic resource] /</subfield><subfield code="c">ta&#700;li&#772;f Taqi&#772; al-Di&#772;n Abi&#772; al-Fath&#803; Muh&#803;ammad ibn &#699;Ali&#772; ibn Wahb al-Mis&#803;ri&#772; al-Qushayri&#772;, &#699;urifa bi Ibn Daqi&#772;q-al-&#699;I&#772;d  ; ra&#772;ja&#699;ahu&#772; wa-&#699;allaqa &#699;alayhi Muh&#803;ammad Sa&#699;i&#772;d al-Mawlawi&#772;.</subfield></datafield><datafield ind1=" " ind2=" " tag="250"><subfield code="6">880-04</subfield><subfield code="a">al-T&#803;ab&#699;ah 1.</subfield></datafield><datafield ind1=" " ind2=" " tag="260"><subfield code="6">880-05</subfield><subfield code="a">Dimashq :</subfield><subfield code="b">Da&#772;r al-Fikr,</subfield><subfield code="c">1963.</subfield></datafield><datafield ind1=" " ind2=" " tag="300"><subfield code="a">online resource (8, 541, [2] p.)</subfield></datafield><datafield ind1=" " ind2=" " tag="500"><subfield code="a">Part of the Arabic Collections Online (ACO) project, contributed by Columbia University Libraries.</subfield></datafield><datafield ind1=" " ind2=" " tag="504"><subfield code="a">Includes bibliographical references (p. [543]).</subfield></datafield><datafield ind1=" " ind2=" " tag="533"><subfield code="a">Electronic reproduction.</subfield><subfield code="b">New York, N.Y. :</subfield><subfield code="c">New York University,</subfield><subfield code="d">2015.</subfield><subfield code="5">NNU</subfield></datafield><datafield ind1=" " ind2="0" tag="650"><subfield code="a">Hadith</subfield><subfield code="x">Texts.</subfield></datafield><datafield ind1=" " ind2="0" tag="650"><subfield code="a">Islamic law.</subfield></datafield><datafield ind1=" " ind2="7" tag="650"><subfield code="a">Hadith.</subfield><subfield code="2">fast</subfield><subfield code="0">(OCoLC)fst00950112</subfield></datafield><datafield ind1=" " ind2="7" tag="650"><subfield code="a">Islamic law.</subfield><subfield code="2">fast</subfield><subfield code="0">(OCoLC)fst00979949</subfield></datafield><datafield ind1=" " ind2="7" tag="655"><subfield code="a">Texts.</subfield><subfield code="2">fast</subfield><subfield code="0">(OCoLC)fst01423705</subfield></datafield><datafield ind1="1" ind2=" " tag="700"><subfield code="6">880-06</subfield><subfield code="a">Mawlawi&#772;, Muh&#803;ammad Sa&#699;i&#772;d.</subfield></datafield><datafield ind1="2" ind2=" " tag="710"><subfield code="a">Columbia University.</subfield><subfield code="b">Libraries.</subfield></datafield><datafield ind1="0" ind2=" " tag="730"><subfield code="a">Arabic Collections Online.</subfield></datafield><datafield ind1="0" ind2="8" tag="776"><subfield code="i">Online version:</subfield><subfield code="a">Ibn Daqi&#772;q al-&#699;I&#772;d, Muh&#803;ammad ibn &#699;Ali&#772;, 1228-1302.</subfield><subfield code="t">Ilma&#772;m bi-ah&#803;a&#772;di&#772;th al-ah&#803;ka&#772;m.</subfield><subfield code="d">Dimashq : Da&#772;r al-Fikr, 1963</subfield><subfield code="w">(OCoLC)551339280</subfield></datafield><datafield ind1="0" ind2="8" tag="776"><subfield code="i">Online version:</subfield><subfield code="a">Ibn Daqi&#772;q al-&#699;I&#772;d, Muh&#803;ammad ibn &#699;Ali&#772;, 1228-1302.</subfield><subfield code="t">Ilma&#772;m bi-ah&#803;a&#772;di&#772;th al-ah&#803;ka&#772;m.</subfield><subfield code="d">Dimashq : Da&#772;r al-Fikr, 1963</subfield><subfield code="w">(OCoLC)608204610</subfield></datafield><datafield ind1="0" ind2="8" tag="776"><subfield code="i">Print version:</subfield><subfield code="a">Ibn Daqi&#772;q al-&#699;I&#772;d, Muh&#803;ammad ibn &#699;Ali&#772;, 1228-1302.</subfield><subfield code="t">al-Ilma&#772;m bi-ah&#803;a&#772;di&#772;th al-ah&#803;ka&#772;m</subfield><subfield code="w">(NNC)3082675</subfield><subfield code="w">(OCoLC)47942065</subfield></datafield><datafield ind1="4" ind2="0" tag="856"><subfield code="u">http://hdl.handle.net/2333.1/r7sqvcpx</subfield></datafield><datafield ind1="1" ind2=" " tag="880"><subfield code="6">100-01/r</subfield><subfield code="a">&#1575;&#1576;&#1606; &#1583;&#1602;&#1610;&#1602; &#1575;&#1604;&#1593;&#1610;&#1583;&#1548; &#1605;&#1581;&#1605;&#1583; &#1576;&#1606; &#1593;&#1604;&#1610;,</subfield><subfield code="d">1228-1302.</subfield></datafield><datafield ind1="1" ind2="0" tag="880"><subfield code="6">240-02/r</subfield><subfield code="a">&#1573;&#1604;&#1605;&#1575;&#1605; &#1601;&#1610; &#1571;&#1581;&#1575;&#1583;&#1610;&#1579; &#1575;&#1604;&#1571;&#1581;&#1603;&#1575;&#1605;.</subfield><subfield code="f">1963</subfield></datafield><datafield ind1="1" ind2="2" tag="880"><subfield code="6">245-03/r</subfield><subfield code="a">&#1575;&#1604;&#1573;&#1604;&#1605;&#1575;&#1605; &#1576;&#1571;&#1581;&#1575;&#1583;&#1610;&#1579; &#1575;&#1604;&#1571;&#1581;&#1603;&#1575;&#1605; /</subfield><subfield code="c">&#1578;&#1571;&#1604;&#1610;&#1601; &#1578;&#1602;&#1610; &#1575;&#1604;&#1583;&#1610;&#1606; &#1571;&#1576;&#1610; &#1575;&#1604;&#1601;&#1578;&#1581; &#1605;&#1581;&#1605;&#1583; &#1576;&#1606; &#1593;&#1604;&#1610; &#1575;&#1576;&#1606; &#1608;&#1607;&#1576;  &#1575;&#1604;&#1605;&#1589;&#1585;&#1610; &#1575;&#1604;&#1602;&#1588;&#1610;&#1585;&#1610; &#1593;&#1585;&#1601; &#1576;&#1575;&#1576;&#1606; &#1583;&#1602;&#1610;&#1602; &#1575;&#1604;&#1593;&#1610;&#1583; &#1563; &#1585;&#1575;&#1580;&#1593;&#1607; &#1608;&#1593;&#1604;&#1602; &#1593;&#1604;&#1610;&#1607; &#1605;&#1581;&#1605;&#1583; &#1587;&#1593;&#1610;&#1583; &#1605;&#1608;&#1604;&#1608;&#1610;.</subfield></datafield><datafield ind1=" " ind2=" " tag="880"><subfield code="6">250-04/r</subfield><subfield code="a">&#1575;&#1604;&#1591;&#1576;&#1593;&#1577; 1.</subfield></datafield><datafield ind1=" " ind2=" " tag="880"><subfield code="6">260-05/r</subfield><subfield code="a">&#1583;&#1605;&#1588;&#1602; :</subfield><subfield code="b">&#1583;&#1575;&#1585; &#1575;&#1604;&#1601;&#1603;&#1585;&#1548;</subfield><subfield code="c">1963.</subfield></datafield><datafield ind1="1" ind2=" " tag="880"><subfield code="6">700-06/r</subfield><subfield code="a">&#1605;&#1608;&#1604;&#1608;&#1610;&#1548; &#1605;&#1581;&#1605;&#1583; &#1587;&#1593;&#1610;&#1583;.</subfield></datafield><datafield ind1=" " ind2=" " tag="959"><subfield code="a">NNU</subfield><subfield code="b">WEB</subfield><subfield code="c">GENI</subfield><subfield code="t">0</subfield><subfield code="m">Electronic access</subfield><subfield code="s">01</subfield></datafield><datafield ind1=" " ind2=" " tag="999"><subfield code="i">NNC_3082675</subfield><subfield code="o">(OCoLC)47942065</subfield><subfield code="s">columbia_aco000095</subfield></datafield></record>